<?xml version="1.0" encoding="UTF-8"?><collection xmlns="http://www.loc.gov/MARC21/slim"><record><leader>00451nam--2200133-i-4500</leader><controlfield tag="001">000001669</controlfield><controlfield tag="002">20161230</controlfield><controlfield tag="005">20161230201024</controlfield><controlfield tag="008">060222s1000------------r-----000-0-eng-d</controlfield><datafield ind1=" " ind2=" " tag="080"><subfield code="a">543.422(043)</subfield></datafield><datafield ind1=" " ind2=" " tag="100"><subfield code="a">Doucet, Michel</subfield></datafield><datafield ind1=" " ind2=" " tag="245"><subfield code="a">Application de la spectrophotometrie d absorption atomique a l analyse des ferromolybdenes et des molybdenites.these</subfield></datafield><datafield ind1=" " ind2=" " tag="260"><subfield code="a">Grenoble, Universite Scientifiques Et Medicale De Grenoble, 1972. 39 P</subfield></datafield><datafield ind1=" " ind2=" " tag="852"><subfield code="a">40333</subfield></datafield></record></collection>